
@article{cahon_paradiseo,
	title = {{ParadisEO:} A Framework for the Reusable Design of Parallel and Distributed Metaheuristics},
	volume = {10},
	issn = {1381-1231},
	shorttitle = {{ParadisEO}},
	url = {http://www.springerlink.com/content/up02m74726v1526u/},
	doi = {10.1023/B:HEUR.0000026900.92269.ec},
	journal = {Journal of Heuristics},
	author = {Cahon, S. and Melab, N. and Talbi, {E.-G.}},
	month = may,
	year = {2004},
	pages = {357--380}
}
